@book{duda2012pattern,
  title={Pattern classification},
  author={Duda, Richard O and Hart, Peter E and Stork, David G},
  year={2012},
  publisher={John Wiley \& Sons}
}

@book{moss2013semiconductor,
  title={Semiconductor opto-electronics},
  author={Moss, Trevor Simpson and Burrell, Geoffrey John and Ellis, Brian},
  year={2013},
  publisher={Butterworth-Heinemann}
}

@book{Saleh1991,
  title={Fundamentals of photonics},
  author={Saleh, Bahaa EA and Teich, Malvin Carl and Saleh, Bahaa E},
  volume={22},
  year={1991},
  publisher={Wiley New York}
}

@book{Reed2008,
  title={Silicon photonics: the state of the art},
  author={Reed, Graham T},
  year={2008},
  publisher={John Wiley \& Sons}
}

@book{Agrawal2001,
  title={Applications of nonlinear fiber optics},
  author={Agrawal, Govind},
  year={2001},
  publisher={Academic press}
}
