@article{frank1957perceptron,
  title={The perceptron a perceiving and recognizing automaton},
  author={Rosenblatt, Frank},
  journal={tech. rep., Technical Report 85-460-1},
  year={1957},
  publisher={Cornell Aeronautical Laboratory}
}

@article{Rosenblatt1958,
  title={The perceptron: a probabilistic model for information storage and organization in the brain.},
  author={Rosenblatt, Frank},
  journal={Psychological review},
  volume={65},
  number={6},
  pages={386},
  year={1958},
  publisher={American Psychological Association}
}

@misc{hebb1949organization,
  title={The organization of behavior: A neuropsychological theory},
  author={Hebb, Donald O and others},
  year={1949},
  publisher={New York: Wiley}
}

@article{stone2010opencl,
  title={OpenCL: A parallel programming standard for heterogeneous computing systems},
  author={Stone, John E and Gohara, David and Shi, Guochun},
  journal={Computing in science \& engineering},
  volume={12},
  number={3},
  pages={66--73},
  year={2010},
  publisher={IEEE}
}

@article{DBLP:journals/corr/abs-1211-5590,
  author    = {Fr{\'{e}}d{\'{e}}ric Bastien and
               Pascal Lamblin and
               Razvan Pascanu and
               James Bergstra and
               Ian J. Goodfellow and
               Arnaud Bergeron and
               Nicolas Bouchard and
               David Warde{-}Farley and
               Yoshua Bengio},
  title     = {Theano: new features and speed improvements},
  journal   = {CoRR},
  volume    = {abs/1211.5590},
  year      = {2012},
  url       = {http://arxiv.org/abs/1211.5590},
  archivePrefix = {arXiv},
  eprint    = {1211.5590},
  timestamp = {Wed, 07 Jun 2017 14:40:20 +0200},
  biburl    = {http://dblp.org/rec/bib/journals/corr/abs-1211-5590},
  bibsource = {dblp computer science bibliography, http://dblp.org}
}

@inproceedings{shastri2017emergence,
  title={Emergence of Neuromorphic Photonics},
  author={Shastri, Bhavin J and de Lima, Thomas Ferreira and Tait, Alexander and Nahmias, Mitchell A and Prucnal, Paul R},
  booktitle={Photonics in Switching},
  pages={PTu3C--4},
  year={2017},
  organization={Optical Society of America}
}

@article{sciamHBP,
 ISSN = {00368733, 19467087},
 URL = {http://www.jstor.org/stable/26014516},
 author = {Henry Markram},
 journal = {Scientific American},
 number = {6},
 pages = {50-55},
 publisher = {Scientific American, a division of Nature America, Inc.},
 title = {THE HUMAN BRAIN PROJECT},
 volume = {306},
 year = {2012}
}

@INPROCEEDINGS{roadDetection, 
author={M. Foedisch and A. Takeuchi}, 
booktitle={Proceedings. The 7th International IEEE Conference on Intelligent Transportation Systems (IEEE Cat. No.04TH8749)}, 
title={Adaptive real-time road detection using neural networks}, 
year={2004}, 
volume={}, 
number={}, 
pages={167-172}, 
keywords={feature extraction;image colour analysis;learning (artificial intelligence);neural nets;object detection;road vehicles;adaptive real time road detection;automatic adaptation system;autonomous driving;color feature algorithm;color histograms;manual road annotations reduction;network training;neural networks;road images;Adaptive systems;Feature extraction;Focusing;Histograms;Intelligent networks;Intelligent systems;NIST;Neural networks;Real time systems;Roads}, 
doi={10.1109/ITSC.2004.1398891}, 
ISSN={}, 
month={Oct},}

@article{soman2016recent,
  title={Recent trends in neuromorphic engineering},
  author={Soman, Sumit and Suri, Manan and others},
  journal={Big Data Analytics},
  volume={1},
  number={1},
  pages={15},
  year={2016},
  publisher={BioMed Central}
}

@article{de2017progress,
  title={Progress in neuromorphic photonics},
  author={de Lima, Thomas Ferreira and Shastri, Bhavin J and Tait, Alexander N and Nahmias, Mitchell A and Prucnal, Paul R},
  journal={Nanophotonics},
  volume={6},
  number={3},
  pages={577--599},
  year={2017},
  publisher={De Gruyter}
}

@article{priem2005optical,
  title={Optical bistability and pulsating behaviour in Silicon-On-Insulator ring resonator structures.},
  author={Priem, Gino and Dumon, Pieter and Bogaerts, Wim and Van Thourhout, Dries and Morthier, Geert and Baets, Roel},
  journal={Optics express},
  volume={13},
  number={23},
  pages={9623--9628},
  year={2005},
  publisher={Optical Society of America}
}

@article{van2017advances,
  title={Advances in photonic reservoir computing},
  author={Van der Sande, Guy and Brunner, Daniel and Soriano, Miguel C},
  journal={Nanophotonics},
  volume={6},
  number={3},
  pages={561--576},
  year={2017},
  publisher={De Gruyter}
}

@article{dejonckheere2014all,
  title={All-optical reservoir computer based on saturation of absorption},
  author={Dejonckheere, Antoine and Duport, Fran{\c{c}}ois and Smerieri, Anteo and Fang, Li and Oudar, Jean-Louis and Haelterman, Marc and Massar, Serge},
  journal={Optics express},
  volume={22},
  number={9},
  pages={10868--10881},
  year={2014},
  publisher={Optical Society of America}
}

@article{haynes2015reservoir,
  title={Reservoir computing with a single time-delay autonomous Boolean node},
  author={Haynes, Nicholas D and Soriano, Miguel C and Rosin, David P and Fischer, Ingo and Gauthier, Daniel J},
  journal={Physical Review E},
  volume={91},
  number={2},
  pages={020801},
  year={2015},
  publisher={APS}
}

@phdthesis{mancinelli2013linear,
  title={Linear and non linear coupling effects in sequence of microresonators},
  author={Mancinelli, Mattia Mancinelli},
  year={2013},
  school={University of Trento}
}

@article{chen2012bistability,
  title={Bistability and self-pulsation phenomena in silicon microring resonators based on nonlinear optical effects},
  author={Chen, Shaowu and Zhang, Libin and Fei, Yonghao and Cao, Tongtong},
  journal={Optics Express},
  volume={20},
  number={7},
  pages={7454--7468},
  year={2012},
  publisher={Optical Society of America}
}

@article{testa2016design,
  title={Design and implementation of an integrated reconfigurable silicon photonics switch matrix in IRIS project},
  author={Testa, Francesco and Oton, Claudio J and Kopp, Christophe and Lee, Jong-Moo and Ortu{\~n}o, Rub{\'e}n and Enne, Reinhard and Tondini, Stefano and Chiaretti, Guido and Bianchi, Alberto and Pintus, Paolo and others},
  journal={IEEE Journal of Selected Topics in Quantum Electronics},
  volume={22},
  number={6},
  pages={155--168},
  year={2016},
  publisher={IEEE}
}

@article{Tait2017,
  title={Neuromorphic photonic networks using silicon photonic weight banks},
  author={Tait, Alexander N and Lima, Thomas Ferreira and Zhou, Ellen and Wu, Allie X and Nahmias, Mitchell A and Shastri, Bhavin J and Prucnal, Paul R},
  journal={Scientific Reports},
  volume={7},
  number={1},
  pages={7430},
  year={2017},
  publisher={Nature Publishing Group}
}

@article{Nawrocki2016a,
  title={A mini review of neuromorphic architectures and implementations},
  author={Nawrocki, Robert A and Voyles, Richard M and Shaheen, Sean E},
  journal={IEEE Transactions on Electron Devices},
  volume={63},
  number={10},
  pages={3819--3829},
  year={2016},
  publisher={IEEE}
}

@article{Godfrey1993,
  title={The computer as von Neumann planned it},
  author={Godfrey, Michael D and Hendry, David F},
  journal={IEEE Annals of the History of Computing},
  volume={15},
  number={1},
  pages={11--21},
  year={1993},
  publisher={IEEE}
}

@article{Rochester1956,
  title={Tests on a cell assembly theory of the action of the brain, using a large digital computer},
  author={Rochester, Nathaniel and Holland, J and Haibt, L and Duda, W},
  journal={IRE Transactions on information Theory},
  volume={2},
  number={3},
  pages={80--93},
  year={1956},
  publisher={IEEE}
}

@article{Farley1954,
  title={Simulation of self-organizing systems by digital computer},
  author={Farley, BWAC and Clark, W},
  journal={Transactions of the IRE Professional Group on Information Theory},
  volume={4},
  number={4},
  pages={76--84},
  year={1954},
  publisher={IEEE}
}

@article{Farley1954,
  title={Simulation of self-organizing systems by digital computer},
  author={Farley, BWAC and Clark, W},
  journal={Transactions of the IRE Professional Group on Information Theory},
  volume={4},
  number={4},
  pages={76--84},
  year={1954},
  publisher={IEEE}
}

@article{Shen2017,
  title={Deep learning with coherent nanophotonic circuits},
  author={Shen, Yichen and Harris, Nicholas C and Skirlo, Scott and Prabhu, Mihika and Baehr-Jones, Tom and Hochberg, Michael and Sun, Xin and Zhao, Shijie and Larochelle, Hugo and Englund, Dirk and others},
  journal={Nature Photonics},
  volume={11},
  number={7},
  pages={441},
  year={2017},
  publisher={Nature Publishing Group}
}

@article{minski1969perceptrons,
  title={Perceptrons: an introduction to computational geometry},
  author={Minski, Marvin L and Papert, Seymour A},
  journal={MA: MIT Press, Cambridge},
  year={1969}
}

@article{McCulloch1943,
  title={A logical calculus of the ideas immanent in nervous activity},
  author={McCulloch, Warren S and Pitts, Walter},
  journal={The bulletin of mathematical biophysics},
  volume={5},
  number={4},
  pages={115--133},
  year={1943},
  publisher={Springer}
}

@article{johnson2006self,
  title={Self-induced optical modulation of the transmission through a high-Q silicon microdisk resonator},
  author={Johnson, Thomas J and Borselli, Matthew and Painter, Oskar},
  journal={Optics express},
  volume={14},
  number={2},
  pages={817--831},
  year={2006},
  publisher={Optical Society of America}
}
