@misc{stanford.edu,
      author={Clabaugh, Caroline and Myszewski, Dave and Pang, Jimmy},
      title={Neural Networks - History},
      year={2000},
      url={https://cs.stanford.edu/people/eroberts/courses/soco/projects/neural-networks/History/index.html}
}

@misc{PyTorch.org,
      title={PyTorch.org},
      url={http://pytorch.org/about/}
}

@misc{HBP.eu,
      title={humanbrainproject.eu},
      url={https://www.humanbrainproject.eu/en/silicon-brains/}
}

@misc{UCIMLR,
      title={UC Irvine Machine Learning Repository},
      url={http://archive.ics.uci.edu/ml/index.php}
}


@misc{thunderbolt,
      title={Corning optical cable},
      url={https://www.corning.com/optical-cables-by-corning/worldwide/en/products/thunderbolt-optical-cables.html}
}
