 @article{frank1957perceptron,
  title={The perceptron a perceiving and recognizing automaton},
  author={Frank, R},
  journal={tech. rep., Technical Report 85-460-1},
  year={1957},
  publisher={Cornell Aeronautical Laboratory}
}
